@book{apostol1976analytic,
  title={Introduction to Analytic Number Theory},
  author={Apostol, Tom M.},
  year={1976},
  publisher={Springer},
  series={Undergraduate Texts in Mathematics}
}

@book{niven1991numbers,
  title={An Introduction to the Theory of Numbers},
  author={Niven, Ivan and Zuckerman, Herbert S. and Montgomery, Hugh L.},
  edition={5th},
  year={1991},
  publisher={John Wiley \& Sons}
}

@book{hardy1949divergent,
  title={Divergent Series},
  author={Hardy, G.H.},
  year={1949},
  publisher={Oxford University Press}
}

@article{erdos1948,
  title={On the convergence of certain series},
  author={Erd≈ës, Paul},
  journal={Mathematika},
  volume={1},
  number={1},
  pages={1--2},
  year={1948}
}

@book{furstenberg1981recurrence,
  title={Recurrence in Ergodic Theory and Combinatorial Number Theory},
  author={Furstenberg, Hillel},
  year={1981},
  publisher={Princeton University Press},
  series={Princeton University Press Mathematics Series}
}
